Automatically generated by Mendeley Desktop 1.19.8
Any changes to this file will be lost if it is regenerated by Mendeley.

BibTeX export options can be customized via Options -> BibTeX in Mendeley Desktop

@inproceedings{klein2019,
author = {Klein, Marius and Klos, Andreas and Schiffmann, Wolfram},
booktitle = {Conference on Guidance, Navigation and Control},
publisher = {Council of European Aerospace Societies},
title = {{Glide path generation with regard to wind misestimations}},
year = {2019}
}